%YAML 1.1
%TAG !u! tag:unity3d.com,2011:
--- !u!1 &1230374802473703426
GameObject:
  m_ObjectHideFlags: 0
  m_CorrespondingSourceObject: {fileID: 0}
  m_PrefabInstance: {fileID: 0}
  m_PrefabAsset: {fileID: 0}
  serializedVersion: 6
  m_Component:
  - component: {fileID: 4226371750700435922}
  m_Layer: 0
  m_Name: LeftGun
  m_TagString: Untagged
  m_Icon: {fileID: 0}
  m_NavMeshLayer: 0
  m_StaticEditorFlags: 0
  m_IsActive: 1
--- !u!4 &4226371750700435922
Transform:
  m_ObjectHideFlags: 0
  m_CorrespondingSourceObject: {fileID: 0}
  m_PrefabInstance: {fileID: 0}
  m_PrefabAsset: {fileID: 0}
  m_GameObject: {fileID: 1230374802473703426}
  m_LocalRotation: {x: 0, y: 0, z: 0, w: 1}
  m_LocalPosition: {x: -1.2, y: -0.6, z: 4.75}
  m_LocalScale: {x: 1, y: 1, z: 1}
  m_Children: []
  m_Father: {fileID: 3243497237755729626}
  m_RootOrder: 0
  m_LocalEulerAnglesHint: {x: 0, y: 0, z: 0}
--- !u!1 &1961697767929301302
GameObject:
  m_ObjectHideFlags: 0
  m_CorrespondingSourceObject: {fileID: 0}
  m_PrefabInstance: {fileID: 0}
  m_PrefabAsset: {fileID: 0}
  serializedVersion: 6
  m_Component:
  - component: {fileID: 5155714856981281893}
  - component: {fileID: 8374388530712967606}
  - component: {fileID: 8203257113335965994}
  - component: {fileID: 829890289846585821}
  m_Layer: 0
  m_Name: HatchDoorFront
  m_TagString: Untagged
  m_Icon: {fileID: 0}
  m_NavMeshLayer: 0
  m_StaticEditorFlags: 0
  m_IsActive: 1
--- !u!4 &5155714856981281893
Transform:
  m_ObjectHideFlags: 0
  m_CorrespondingSourceObject: {fileID: 0}
  m_PrefabInstance: {fileID: 0}
  m_PrefabAsset: {fileID: 0}
  m_GameObject: {fileID: 1961697767929301302}
  m_LocalRotation: {x: 0, y: 0, z: 0, w: 1}
  m_LocalPosition: {x: 0, y: 1.75, z: -1.5}
  m_LocalScale: {x: 0.1392, y: 1, z: 0.19735411}
  m_Children: []
  m_Father: {fileID: 7552713993421851706}
  m_RootOrder: 3
  m_LocalEulerAnglesHint: {x: 0, y: 0, z: 0}
--- !u!33 &8374388530712967606
MeshFilter:
  m_ObjectHideFlags: 0
  m_CorrespondingSourceObject: {fileID: 0}
  m_PrefabInstance: {fileID: 0}
  m_PrefabAsset: {fileID: 0}
  m_GameObject: {fileID: 1961697767929301302}
  m_Mesh: {fileID: 10209, guid: 0000000000000000e000000000000000, type: 0}
--- !u!23 &8203257113335965994
MeshRenderer:
  m_ObjectHideFlags: 0
  m_CorrespondingSourceObject: {fileID: 0}
  m_PrefabInstance: {fileID: 0}
  m_PrefabAsset: {fileID: 0}
  m_GameObject: {fileID: 1961697767929301302}
  m_Enabled: 1
  m_CastShadows: 1
  m_ReceiveShadows: 1
  m_DynamicOccludee: 1
  m_MotionVectors: 1
  m_LightProbeUsage: 1
  m_ReflectionProbeUsage: 1
  m_RayTracingMode: 2
  m_RenderingLayerMask: 1
  m_RendererPriority: 0
  m_Materials:
  - {fileID: 2100000, guid: 5de63e102847964469ac405410d914eb, type: 2}
  m_StaticBatchInfo:
    firstSubMesh: 0
    subMeshCount: 0
  m_StaticBatchRoot: {fileID: 0}
  m_ProbeAnchor: {fileID: 0}
  m_LightProbeVolumeOverride: {fileID: 0}
  m_ScaleInLightmap: 1
  m_ReceiveGI: 1
  m_PreserveUVs: 0
  m_IgnoreNormalsForChartDetection: 0
  m_ImportantGI: 0
  m_StitchLightmapSeams: 1
  m_SelectedEditorRenderState: 3
  m_MinimumChartSize: 4
  m_AutoUVMaxDistance: 0.5
  m_AutoUVMaxAngle: 89
  m_LightmapParameters: {fileID: 0}
  m_SortingLayerID: 0
  m_SortingLayer: 0
  m_SortingOrder: 0
--- !u!64 &829890289846585821
MeshCollider:
  m_ObjectHideFlags: 0
  m_CorrespondingSourceObject: {fileID: 0}
  m_PrefabInstance: {fileID: 0}
  m_PrefabAsset: {fileID: 0}
  m_GameObject: {fileID: 1961697767929301302}
  m_Material: {fileID: 0}
  m_IsTrigger: 0
  m_Enabled: 1
  serializedVersion: 3
  m_Convex: 0
  m_CookingOptions: 30
  m_Mesh: {fileID: 10209, guid: 0000000000000000e000000000000000, type: 0}
--- !u!1 &2292374197457982662
GameObject:
  m_ObjectHideFlags: 0
  m_CorrespondingSourceObject: {fileID: 0}
  m_PrefabInstance: {fileID: 0}
  m_PrefabAsset: {fileID: 0}
  serializedVersion: 6
  m_Component:
  - component: {fileID: 1342628089829763199}
  - component: {fileID: 5277125808500004659}
  - component: {fileID: 4559264252334904681}
  - component: {fileID: 6698371638340925665}
  m_Layer: 0
  m_Name: HatchDoorBack
  m_TagString: Untagged
  m_Icon: {fileID: 0}
  m_NavMeshLayer: 0
  m_StaticEditorFlags: 0
  m_IsActive: 1
--- !u!4 &1342628089829763199
Transform:
  m_ObjectHideFlags: 0
  m_CorrespondingSourceObject: {fileID: 0}
  m_PrefabInstance: {fileID: 0}
  m_PrefabAsset: {fileID: 0}
  m_GameObject: {fileID: 2292374197457982662}
  m_LocalRotation: {x: 0, y: 0, z: 0, w: 1}
  m_LocalPosition: {x: 0, y: 1.75, z: -3.46}
  m_LocalScale: {x: 0.1392, y: 1, z: 0.19735411}
  m_Children: []
  m_Father: {fileID: 7552713993421851706}
  m_RootOrder: 2
  m_LocalEulerAnglesHint: {x: 0, y: 0, z: 0}
--- !u!33 &5277125808500004659
MeshFilter:
  m_ObjectHideFlags: 0
  m_CorrespondingSourceObject: {fileID: 0}
  m_PrefabInstance: {fileID: 0}
  m_PrefabAsset: {fileID: 0}
  m_GameObject: {fileID: 2292374197457982662}
  m_Mesh: {fileID: 10209, guid: 0000000000000000e000000000000000, type: 0}
--- !u!23 &4559264252334904681
MeshRenderer:
  m_ObjectHideFlags: 0
  m_CorrespondingSourceObject: {fileID: 0}
  m_PrefabInstance: {fileID: 0}
  m_PrefabAsset: {fileID: 0}
  m_GameObject: {fileID: 2292374197457982662}
  m_Enabled: 1
  m_CastShadows: 1
  m_ReceiveShadows: 1
  m_DynamicOccludee: 1
  m_MotionVectors: 1
  m_LightProbeUsage: 1
  m_ReflectionProbeUsage: 1
  m_RayTracingMode: 2
  m_RenderingLayerMask: 1
  m_RendererPriority: 0
  m_Materials:
  - {fileID: 2100000, guid: 5de63e102847964469ac405410d914eb, type: 2}
  m_StaticBatchInfo:
    firstSubMesh: 0
    subMeshCount: 0
  m_StaticBatchRoot: {fileID: 0}
  m_ProbeAnchor: {fileID: 0}
  m_LightProbeVolumeOverride: {fileID: 0}
  m_ScaleInLightmap: 1
  m_ReceiveGI: 1
  m_PreserveUVs: 0
  m_IgnoreNormalsForChartDetection: 0
  m_ImportantGI: 0
  m_StitchLightmapSeams: 1
  m_SelectedEditorRenderState: 3
  m_MinimumChartSize: 4
  m_AutoUVMaxDistance: 0.5
  m_AutoUVMaxAngle: 89
  m_LightmapParameters: {fileID: 0}
  m_SortingLayerID: 0
  m_SortingLayer: 0
  m_SortingOrder: 0
--- !u!64 &6698371638340925665
MeshCollider:
  m_ObjectHideFlags: 0
  m_CorrespondingSourceObject: {fileID: 0}
  m_PrefabInstance: {fileID: 0}
  m_PrefabAsset: {fileID: 0}
  m_GameObject: {fileID: 2292374197457982662}
  m_Material: {fileID: 0}
  m_IsTrigger: 0
  m_Enabled: 1
  serializedVersion: 3
  m_Convex: 0
  m_CookingOptions: 30
  m_Mesh: {fileID: 10209, guid: 0000000000000000e000000000000000, type: 0}
--- !u!1 &2400696700372502444
GameObject:
  m_ObjectHideFlags: 0
  m_CorrespondingSourceObject: {fileID: 0}
  m_PrefabInstance: {fileID: 0}
  m_PrefabAsset: {fileID: 0}
  serializedVersion: 6
  m_Component:
  - component: {fileID: 2400696700372502447}
  m_Layer: 0
  m_Name: RiftShip
  m_TagString: Untagged
  m_Icon: {fileID: 0}
  m_NavMeshLayer: 0
  m_StaticEditorFlags: 0
  m_IsActive: 1
--- !u!4 &2400696700372502447
Transform:
  m_ObjectHideFlags: 0
  m_CorrespondingSourceObject: {fileID: 0}
  m_PrefabInstance: {fileID: 0}
  m_PrefabAsset: {fileID: 0}
  m_GameObject: {fileID: 2400696700372502444}
  m_LocalRotation: {x: 0, y: 0, z: 0, w: 1}
  m_LocalPosition: {x: 0, y: 0, z: 0}
  m_LocalScale: {x: 1, y: 1, z: 1}
  m_Children:
  - {fileID: 2400696700385397047}
  - {fileID: 7040009180479170612}
  m_Father: {fileID: 0}
  m_RootOrder: 0
  m_LocalEulerAnglesHint: {x: 0, y: 0, z: 0}
--- !u!1 &2779473713389699293
GameObject:
  m_ObjectHideFlags: 0
  m_CorrespondingSourceObject: {fileID: 0}
  m_PrefabInstance: {fileID: 0}
  m_PrefabAsset: {fileID: 0}
  serializedVersion: 6
  m_Component:
  - component: {fileID: 8864383595731354618}
  m_Layer: 0
  m_Name: DualRift
  m_TagString: Untagged
  m_Icon: {fileID: 0}
  m_NavMeshLayer: 0
  m_StaticEditorFlags: 0
  m_IsActive: 1
--- !u!4 &8864383595731354618
Transform:
  m_ObjectHideFlags: 0
  m_CorrespondingSourceObject: {fileID: 0}
  m_PrefabInstance: {fileID: 0}
  m_PrefabAsset: {fileID: 0}
  m_GameObject: {fileID: 2779473713389699293}
  m_LocalRotation: {x: -0, y: -0, z: -0, w: 1}
  m_LocalPosition: {x: 0.005748391, y: 0.29219234, z: -3.1122627}
  m_LocalScale: {x: 1, y: 1, z: 1}
  m_Children:
  - {fileID: 6607226129953293635}
  - {fileID: 7327095464767992595}
  m_Father: {fileID: 7040009180479170612}
  m_RootOrder: 0
  m_LocalEulerAnglesHint: {x: 0, y: 0, z: 0}
--- !u!1 &6182762982136023302
GameObject:
  m_ObjectHideFlags: 0
  m_CorrespondingSourceObject: {fileID: 0}
  m_PrefabInstance: {fileID: 0}
  m_PrefabAsset: {fileID: 0}
  serializedVersion: 6
  m_Component:
  - component: {fileID: 3243497237755729626}
  m_Layer: 0
  m_Name: Guns
  m_TagString: Untagged
  m_Icon: {fileID: 0}
  m_NavMeshLayer: 0
  m_StaticEditorFlags: 0
  m_IsActive: 1
--- !u!4 &3243497237755729626
Transform:
  m_ObjectHideFlags: 0
  m_CorrespondingSourceObject: {fileID: 0}
  m_PrefabInstance: {fileID: 0}
  m_PrefabAsset: {fileID: 0}
  m_GameObject: {fileID: 6182762982136023302}
  m_LocalRotation: {x: 0, y: 0, z: 0, w: 1}
  m_LocalPosition: {x: 0, y: 0, z: 0}
  m_LocalScale: {x: 1, y: 1, z: 1}
  m_Children:
  - {fileID: 4226371750700435922}
  - {fileID: 705566818178658426}
  m_Father: {fileID: 2400696700385397047}
  m_RootOrder: 3
  m_LocalEulerAnglesHint: {x: 0, y: 0, z: 0}
--- !u!1 &6927782523703043283
GameObject:
  m_ObjectHideFlags: 0
  m_CorrespondingSourceObject: {fileID: 0}
  m_PrefabInstance: {fileID: 0}
  m_PrefabAsset: {fileID: 0}
  serializedVersion: 6
  m_Component:
  - component: {fileID: 7552713993421851706}
  m_Layer: 0
  m_Name: TriRift
  m_TagString: Untagged
  m_Icon: {fileID: 0}
  m_NavMeshLayer: 0
  m_StaticEditorFlags: 0
  m_IsActive: 1
--- !u!4 &7552713993421851706
Transform:
  m_ObjectHideFlags: 0
  m_CorrespondingSourceObject: {fileID: 0}
  m_PrefabInstance: {fileID: 0}
  m_PrefabAsset: {fileID: 0}
  m_GameObject: {fileID: 6927782523703043283}
  m_LocalRotation: {x: 0, y: 0, z: 0, w: 1}
  m_LocalPosition: {x: 0, y: 0, z: 0}
  m_LocalScale: {x: 1, y: 1, z: 1}
  m_Children:
  - {fileID: 2485786069598186362}
  - {fileID: 81981203113066632}
  - {fileID: 1342628089829763199}
  - {fileID: 5155714856981281893}
  m_Father: {fileID: 7040009180479170612}
  m_RootOrder: 1
  m_LocalEulerAnglesHint: {x: 0, y: 0, z: 0}
--- !u!1 &7913327915337981495
GameObject:
  m_ObjectHideFlags: 0
  m_CorrespondingSourceObject: {fileID: 0}
  m_PrefabInstance: {fileID: 0}
  m_PrefabAsset: {fileID: 0}
  serializedVersion: 6
  m_Component:
  - component: {fileID: 7040009180479170612}
  m_Layer: 0
  m_Name: Components
  m_TagString: Untagged
  m_Icon: {fileID: 0}
  m_NavMeshLayer: 0
  m_StaticEditorFlags: 0
  m_IsActive: 1
--- !u!4 &7040009180479170612
Transform:
  m_ObjectHideFlags: 0
  m_CorrespondingSourceObject: {fileID: 0}
  m_PrefabInstance: {fileID: 0}
  m_PrefabAsset: {fileID: 0}
  m_GameObject: {fileID: 7913327915337981495}
  m_LocalRotation: {x: 0, y: 0, z: 0, w: 1}
  m_LocalPosition: {x: 0, y: 0, z: 0}
  m_LocalScale: {x: 1, y: 1, z: 1}
  m_Children:
  - {fileID: 8864383595731354618}
  - {fileID: 7552713993421851706}
  m_Father: {fileID: 2400696700372502447}
  m_RootOrder: 1
  m_LocalEulerAnglesHint: {x: 0, y: 0, z: 0}
--- !u!1 &8158030788348052140
GameObject:
  m_ObjectHideFlags: 0
  m_CorrespondingSourceObject: {fileID: 0}
  m_PrefabInstance: {fileID: 0}
  m_PrefabAsset: {fileID: 0}
  serializedVersion: 6
  m_Component:
  - component: {fileID: 705566818178658426}
  m_Layer: 0
  m_Name: RightGun
  m_TagString: Untagged
  m_Icon: {fileID: 0}
  m_NavMeshLayer: 0
  m_StaticEditorFlags: 0
  m_IsActive: 1
--- !u!4 &705566818178658426
Transform:
  m_ObjectHideFlags: 0
  m_CorrespondingSourceObject: {fileID: 0}
  m_PrefabInstance: {fileID: 0}
  m_PrefabAsset: {fileID: 0}
  m_GameObject: {fileID: 8158030788348052140}
  m_LocalRotation: {x: 0, y: 0, z: 0, w: 1}
  m_LocalPosition: {x: 1.2, y: -0.6, z: 4.75}
  m_LocalScale: {x: 1, y: 1, z: 1}
  m_Children: []
  m_Father: {fileID: 3243497237755729626}
  m_RootOrder: 1
  m_LocalEulerAnglesHint: {x: 0, y: 0, z: 0}
--- !u!1001 &86203662201180884
PrefabInstance:
  m_ObjectHideFlags: 0
  serializedVersion: 2
  m_Modification:
    m_TransformParent: {fileID: 7552713993421851706}
    m_Modifications:
    - target: {fileID: 1981897280227864, guid: f9d0eb7165f209846a4d27fea4c99be6, type: 3}
      propertyPath: m_Name
      value: DroneHatch
      objectReference: {fileID: 0}
    - target: {fileID: 4785892493791836, guid: f9d0eb7165f209846a4d27fea4c99be6, type: 3}
      propertyPath: m_LocalPosition.x
      value: 0
      objectReference: {fileID: 0}
    - target: {fileID: 4785892493791836, guid: f9d0eb7165f209846a4d27fea4c99be6, type: 3}
      propertyPath: m_LocalPosition.y
      value: 1.2
      objectReference: {fileID: 0}
    - target: {fileID: 4785892493791836, guid: f9d0eb7165f209846a4d27fea4c99be6, type: 3}
      propertyPath: m_LocalPosition.z
      value: -2.5
      objectReference: {fileID: 0}
    - target: {fileID: 4785892493791836, guid: f9d0eb7165f209846a4d27fea4c99be6, type: 3}
      propertyPath: m_LocalRotation.x
      value: -0
      objectReference: {fileID: 0}
    - target: {fileID: 4785892493791836, guid: f9d0eb7165f209846a4d27fea4c99be6, type: 3}
      propertyPath: m_LocalRotation.y
      value: -0
      objectReference: {fileID: 0}
    - target: {fileID: 4785892493791836, guid: f9d0eb7165f209846a4d27fea4c99be6, type: 3}
      propertyPath: m_LocalRotation.z
      value: -0
      objectReference: {fileID: 0}
    - target: {fileID: 4785892493791836, guid: f9d0eb7165f209846a4d27fea4c99be6, type: 3}
      propertyPath: m_LocalRotation.w
      value: 1
      objectReference: {fileID: 0}
    - target: {fileID: 4785892493791836, guid: f9d0eb7165f209846a4d27fea4c99be6, type: 3}
      propertyPath: m_RootOrder
      value: 1
      objectReference: {fileID: 0}
    - target: {fileID: 4785892493791836, guid: f9d0eb7165f209846a4d27fea4c99be6, type: 3}
      propertyPath: m_LocalEulerAnglesHint.x
      value: 0
      objectReference: {fileID: 0}
    - target: {fileID: 4785892493791836, guid: f9d0eb7165f209846a4d27fea4c99be6, type: 3}
      propertyPath: m_LocalEulerAnglesHint.y
      value: 0
      objectReference: {fileID: 0}
    - target: {fileID: 4785892493791836, guid: f9d0eb7165f209846a4d27fea4c99be6, type: 3}
      propertyPath: m_LocalEulerAnglesHint.z
      value: 0
      objectReference: {fileID: 0}
    - target: {fileID: 4785892493791836, guid: f9d0eb7165f209846a4d27fea4c99be6, type: 3}
      propertyPath: m_LocalScale.z
      value: 4
      objectReference: {fileID: 0}
    m_RemovedComponents: []
  m_SourcePrefab: {fileID: 100100000, guid: f9d0eb7165f209846a4d27fea4c99be6, type: 3}
--- !u!4 &81981203113066632 stripped
Transform:
  m_CorrespondingSourceObject: {fileID: 4785892493791836, guid: f9d0eb7165f209846a4d27fea4c99be6,
    type: 3}
  m_PrefabInstance: {fileID: 86203662201180884}
  m_PrefabAsset: {fileID: 0}
--- !u!1001 &2481585700164344558
PrefabInstance:
  m_ObjectHideFlags: 0
  serializedVersion: 2
  m_Modification:
    m_TransformParent: {fileID: 7552713993421851706}
    m_Modifications:
    - target: {fileID: 1165255073185956, guid: ad7c52a4ec5f9b948bbfc45336f4fa48, type: 3}
      propertyPath: m_Name
      value: TurretDrone
      objectReference: {fileID: 0}
    - target: {fileID: 4244429690876308, guid: ad7c52a4ec5f9b948bbfc45336f4fa48, type: 3}
      propertyPath: m_LocalPosition.x
      value: -0.021007609
      objectReference: {fileID: 0}
    - target: {fileID: 4244429690876308, guid: ad7c52a4ec5f9b948bbfc45336f4fa48, type: 3}
      propertyPath: m_LocalPosition.y
      value: -0.25
      objectReference: {fileID: 0}
    - target: {fileID: 4244429690876308, guid: ad7c52a4ec5f9b948bbfc45336f4fa48, type: 3}
      propertyPath: m_LocalPosition.z
      value: -2.26
      objectReference: {fileID: 0}
    - target: {fileID: 4244429690876308, guid: ad7c52a4ec5f9b948bbfc45336f4fa48, type: 3}
      propertyPath: m_LocalRotation.x
      value: 0.5
      objectReference: {fileID: 0}
    - target: {fileID: 4244429690876308, guid: ad7c52a4ec5f9b948bbfc45336f4fa48, type: 3}
      propertyPath: m_LocalRotation.y
      value: 0.5
      objectReference: {fileID: 0}
    - target: {fileID: 4244429690876308, guid: ad7c52a4ec5f9b948bbfc45336f4fa48, type: 3}
      propertyPath: m_LocalRotation.z
      value: -0.5
      objectReference: {fileID: 0}
    - target: {fileID: 4244429690876308, guid: ad7c52a4ec5f9b948bbfc45336f4fa48, type: 3}
      propertyPath: m_LocalRotation.w
      value: 0.5
      objectReference: {fileID: 0}
    - target: {fileID: 4244429690876308, guid: ad7c52a4ec5f9b948bbfc45336f4fa48, type: 3}
      propertyPath: m_RootOrder
      value: 0
      objectReference: {fileID: 0}
    - target: {fileID: 4244429690876308, guid: ad7c52a4ec5f9b948bbfc45336f4fa48, type: 3}
      propertyPath: m_LocalEulerAnglesHint.x
      value: 90
      objectReference: {fileID: 0}
    - target: {fileID: 4244429690876308, guid: ad7c52a4ec5f9b948bbfc45336f4fa48, type: 3}
      propertyPath: m_LocalEulerAnglesHint.y
      value: 90
      objectReference: {fileID: 0}
    - target: {fileID: 4244429690876308, guid: ad7c52a4ec5f9b948bbfc45336f4fa48, type: 3}
      propertyPath: m_LocalEulerAnglesHint.z
      value: 0
      objectReference: {fileID: 0}
    - target: {fileID: 4244429690876308, guid: ad7c52a4ec5f9b948bbfc45336f4fa48, type: 3}
      propertyPath: m_LocalScale.x
      value: 1
      objectReference: {fileID: 0}
    - target: {fileID: 4244429690876308, guid: ad7c52a4ec5f9b948bbfc45336f4fa48, type: 3}
      propertyPath: m_LocalScale.y
      value: 1
      objectReference: {fileID: 0}
    - target: {fileID: 4244429690876308, guid: ad7c52a4ec5f9b948bbfc45336f4fa48, type: 3}
      propertyPath: m_LocalScale.z
      value: 1
      objectReference: {fileID: 0}
    - target: {fileID: 23544755976305426, guid: ad7c52a4ec5f9b948bbfc45336f4fa48,
        type: 3}
      propertyPath: m_Materials.Array.data[0]
      value: 
      objectReference: {fileID: 2100000, guid: ae5678c8e76ecae4fbb0afcbe88edd33, type: 2}
    m_RemovedComponents: []
  m_SourcePrefab: {fileID: 100100000, guid: ad7c52a4ec5f9b948bbfc45336f4fa48, type: 3}
--- !u!4 &2485786069598186362 stripped
Transform:
  m_CorrespondingSourceObject: {fileID: 4244429690876308, guid: ad7c52a4ec5f9b948bbfc45336f4fa48,
    type: 3}
  m_PrefabInstance: {fileID: 2481585700164344558}
  m_PrefabAsset: {fileID: 0}
--- !u!1001 &3489723396436134344
PrefabInstance:
  m_ObjectHideFlags: 0
  serializedVersion: 2
  m_Modification:
    m_TransformParent: {fileID: 2400696700385397047}
    m_Modifications:
    - target: {fileID: 1836125227599210, guid: 1e780a1f0592d1646b136fdd62e429e1, type: 3}
      propertyPath: m_Name
      value: EngineRight
      objectReference: {fileID: 0}
    - target: {fileID: 4184964195311042, guid: 1e780a1f0592d1646b136fdd62e429e1, type: 3}
      propertyPath: m_LocalPosition.x
      value: 1.9857484
      objectReference: {fileID: 0}
    - target: {fileID: 4184964195311042, guid: 1e780a1f0592d1646b136fdd62e429e1, type: 3}
      propertyPath: m_LocalPosition.y
      value: 0.29219234
      objectReference: {fileID: 0}
    - target: {fileID: 4184964195311042, guid: 1e780a1f0592d1646b136fdd62e429e1, type: 3}
      propertyPath: m_LocalPosition.z
      value: -3.1122627
      objectReference: {fileID: 0}
    - target: {fileID: 4184964195311042, guid: 1e780a1f0592d1646b136fdd62e429e1, type: 3}
      propertyPath: m_LocalRotation.x
      value: -0
      objectReference: {fileID: 0}
    - target: {fileID: 4184964195311042, guid: 1e780a1f0592d1646b136fdd62e429e1, type: 3}
      propertyPath: m_LocalRotation.y
      value: 1
      objectReference: {fileID: 0}
    - target: {fileID: 4184964195311042, guid: 1e780a1f0592d1646b136fdd62e429e1, type: 3}
      propertyPath: m_LocalRotation.z
      value: -0
      objectReference: {fileID: 0}
    - target: {fileID: 4184964195311042, guid: 1e780a1f0592d1646b136fdd62e429e1, type: 3}
      propertyPath: m_LocalRotation.w
      value: 0
      objectReference: {fileID: 0}
    - target: {fileID: 4184964195311042, guid: 1e780a1f0592d1646b136fdd62e429e1, type: 3}
      propertyPath: m_RootOrder
      value: 2
      objectReference: {fileID: 0}
    - target: {fileID: 4184964195311042, guid: 1e780a1f0592d1646b136fdd62e429e1, type: 3}
      propertyPath: m_LocalEulerAnglesHint.x
      value: 0
      objectReference: {fileID: 0}
    - target: {fileID: 4184964195311042, guid: 1e780a1f0592d1646b136fdd62e429e1, type: 3}
      propertyPath: m_LocalEulerAnglesHint.y
      value: 180
      objectReference: {fileID: 0}
    - target: {fileID: 4184964195311042, guid: 1e780a1f0592d1646b136fdd62e429e1, type: 3}
      propertyPath: m_LocalEulerAnglesHint.z
      value: 0
      objectReference: {fileID: 0}
    - target: {fileID: 4184964195311042, guid: 1e780a1f0592d1646b136fdd62e429e1, type: 3}
      propertyPath: m_LocalScale.x
      value: 0.5
      objectReference: {fileID: 0}
    - target: {fileID: 4184964195311042, guid: 1e780a1f0592d1646b136fdd62e429e1, type: 3}
      propertyPath: m_LocalScale.y
      value: 0.5
      objectReference: {fileID: 0}
    - target: {fileID: 4184964195311042, guid: 1e780a1f0592d1646b136fdd62e429e1, type: 3}
      propertyPath: m_LocalScale.z
      value: 0.5
      objectReference: {fileID: 0}
    - target: {fileID: 23907187755968318, guid: 1e780a1f0592d1646b136fdd62e429e1,
        type: 3}
      propertyPath: m_Materials.Array.data[0]
      value: 
      objectReference: {fileID: 2100000, guid: 0dd46c726e72adc45a13a91d6fc48aa3, type: 2}
    m_RemovedComponents: []
  m_SourcePrefab: {fileID: 100100000, guid: 1e780a1f0592d1646b136fdd62e429e1, type: 3}
--- !u!1001 &6602484709891032763
PrefabInstance:
  m_ObjectHideFlags: 0
  serializedVersion: 2
  m_Modification:
    m_TransformParent: {fileID: 8864383595731354618}
    m_Modifications:
    - target: {fileID: 1942475052120288, guid: 7b2c5680b2adee1448fd0d1b210256f9, type: 3}
      propertyPath: m_Name
      value: MegaGun
      objectReference: {fileID: 0}
    - target: {fileID: 4831203132392440, guid: 7b2c5680b2adee1448fd0d1b210256f9, type: 3}
      propertyPath: m_LocalPosition.x
      value: 0
      objectReference: {fileID: 0}
    - target: {fileID: 4831203132392440, guid: 7b2c5680b2adee1448fd0d1b210256f9, type: 3}
      propertyPath: m_LocalPosition.y
      value: -1.82
      objectReference: {fileID: 0}
    - target: {fileID: 4831203132392440, guid: 7b2c5680b2adee1448fd0d1b210256f9, type: 3}
      propertyPath: m_LocalPosition.z
      value: 3.86
      objectReference: {fileID: 0}
    - target: {fileID: 4831203132392440, guid: 7b2c5680b2adee1448fd0d1b210256f9, type: 3}
      propertyPath: m_LocalRotation.x
      value: -0
      objectReference: {fileID: 0}
    - target: {fileID: 4831203132392440, guid: 7b2c5680b2adee1448fd0d1b210256f9, type: 3}
      propertyPath: m_LocalRotation.y
      value: -0
      objectReference: {fileID: 0}
    - target: {fileID: 4831203132392440, guid: 7b2c5680b2adee1448fd0d1b210256f9, type: 3}
      propertyPath: m_LocalRotation.z
      value: -0
      objectReference: {fileID: 0}
    - target: {fileID: 4831203132392440, guid: 7b2c5680b2adee1448fd0d1b210256f9, type: 3}
      propertyPath: m_LocalRotation.w
      value: 1
      objectReference: {fileID: 0}
    - target: {fileID: 4831203132392440, guid: 7b2c5680b2adee1448fd0d1b210256f9, type: 3}
      propertyPath: m_RootOrder
      value: 0
      objectReference: {fileID: 0}
    - target: {fileID: 4831203132392440, guid: 7b2c5680b2adee1448fd0d1b210256f9, type: 3}
      propertyPath: m_LocalEulerAnglesHint.x
      value: 0
      objectReference: {fileID: 0}
    - target: {fileID: 4831203132392440, guid: 7b2c5680b2adee1448fd0d1b210256f9, type: 3}
      propertyPath: m_LocalEulerAnglesHint.y
      value: 0
      objectReference: {fileID: 0}
    - target: {fileID: 4831203132392440, guid: 7b2c5680b2adee1448fd0d1b210256f9, type: 3}
      propertyPath: m_LocalEulerAnglesHint.z
      value: 0
      objectReference: {fileID: 0}
    - target: {fileID: 4831203132392440, guid: 7b2c5680b2adee1448fd0d1b210256f9, type: 3}
      propertyPath: m_LocalScale.x
      value: 3
      objectReference: {fileID: 0}
    - target: {fileID: 4831203132392440, guid: 7b2c5680b2adee1448fd0d1b210256f9, type: 3}
      propertyPath: m_LocalScale.y
      value: -3
      objectReference: {fileID: 0}
    - target: {fileID: 4831203132392440, guid: 7b2c5680b2adee1448fd0d1b210256f9, type: 3}
      propertyPath: m_LocalScale.z
      value: 2.5
      objectReference: {fileID: 0}
    - target: {fileID: 23207090329119870, guid: 7b2c5680b2adee1448fd0d1b210256f9,
        type: 3}
      propertyPath: m_Materials.Array.data[0]
      value: 
      objectReference: {fileID: 2100000, guid: 0dd46c726e72adc45a13a91d6fc48aa3, type: 2}
    m_RemovedComponents: []
  m_SourcePrefab: {fileID: 100100000, guid: 7b2c5680b2adee1448fd0d1b210256f9, type: 3}
--- !u!4 &6607226129953293635 stripped
Transform:
  m_CorrespondingSourceObject: {fileID: 4831203132392440, guid: 7b2c5680b2adee1448fd0d1b210256f9,
    type: 3}
  m_PrefabInstance: {fileID: 6602484709891032763}
  m_PrefabAsset: {fileID: 0}
--- !u!1001 &7283570719100727404
PrefabInstance:
  m_ObjectHideFlags: 0
  serializedVersion: 2
  m_Modification:
    m_TransformParent: {fileID: 2400696700372502447}
    m_Modifications:
    - target: {fileID: 4904863447640767153, guid: ea579613d5f80c948a2b4879425d46fb,
        type: 3}
      propertyPath: m_Materials.Array.data[0]
      value: 
      objectReference: {fileID: 2100000, guid: 0dd46c726e72adc45a13a91d6fc48aa3, type: 2}
    - target: {fileID: 4918650047457841503, guid: ea579613d5f80c948a2b4879425d46fb,
        type: 3}
      propertyPath: m_Name
      value: Cockpit
      objectReference: {fileID: 0}
    - target: {fileID: 4919210724875827544, guid: ea579613d5f80c948a2b4879425d46fb,
        type: 3}
      propertyPath: m_Name
      value: Base
      objectReference: {fileID: 0}
    - target: {fileID: 4919210724875827547, guid: ea579613d5f80c948a2b4879425d46fb,
        type: 3}
      propertyPath: m_LocalPosition.x
      value: 0
      objectReference: {fileID: 0}
    - target: {fileID: 4919210724875827547, guid: ea579613d5f80c948a2b4879425d46fb,
        type: 3}
      propertyPath: m_LocalPosition.y
      value: 0
      objectReference: {fileID: 0}
    - target: {fileID: 4919210724875827547, guid: ea579613d5f80c948a2b4879425d46fb,
        type: 3}
      propertyPath: m_LocalPosition.z
      value: 0
      objectReference: {fileID: 0}
    - target: {fileID: 4919210724875827547, guid: ea579613d5f80c948a2b4879425d46fb,
        type: 3}
      propertyPath: m_LocalRotation.x
      value: 0
      objectReference: {fileID: 0}
    - target: {fileID: 4919210724875827547, guid: ea579613d5f80c948a2b4879425d46fb,
        type: 3}
      propertyPath: m_LocalRotation.y
      value: 0
      objectReference: {fileID: 0}
    - target: {fileID: 4919210724875827547, guid: ea579613d5f80c948a2b4879425d46fb,
        type: 3}
      propertyPath: m_LocalRotation.z
      value: 0
      objectReference: {fileID: 0}
    - target: {fileID: 4919210724875827547, guid: ea579613d5f80c948a2b4879425d46fb,
        type: 3}
      propertyPath: m_LocalRotation.w
      value: 1
      objectReference: {fileID: 0}
    - target: {fileID: 4919210724875827547, guid: ea579613d5f80c948a2b4879425d46fb,
        type: 3}
      propertyPath: m_RootOrder
      value: 0
      objectReference: {fileID: 0}
    - target: {fileID: 4919210724875827547, guid: ea579613d5f80c948a2b4879425d46fb,
        type: 3}
      propertyPath: m_LocalEulerAnglesHint.x
      value: 0
      objectReference: {fileID: 0}
    - target: {fileID: 4919210724875827547, guid: ea579613d5f80c948a2b4879425d46fb,
        type: 3}
      propertyPath: m_LocalEulerAnglesHint.y
      value: 0
      objectReference: {fileID: 0}
    - target: {fileID: 4919210724875827547, guid: ea579613d5f80c948a2b4879425d46fb,
        type: 3}
      propertyPath: m_LocalEulerAnglesHint.z
      value: 0
      objectReference: {fileID: 0}
    - target: {fileID: 4921012581389861502, guid: ea579613d5f80c948a2b4879425d46fb,
        type: 3}
      propertyPath: m_LocalPosition.x
      value: -15
      objectReference: {fileID: 0}
    - target: {fileID: 4921012581865047993, guid: ea579613d5f80c948a2b4879425d46fb,
        type: 3}
      propertyPath: m_LocalPosition.x
      value: 7
      objectReference: {fileID: 0}
    - target: {fileID: 4923574677271805065, guid: ea579613d5f80c948a2b4879425d46fb,
        type: 3}
      propertyPath: m_LocalPosition.z
      value: -18.42
      objectReference: {fileID: 0}
    - target: {fileID: 4923623523219004486, guid: ea579613d5f80c948a2b4879425d46fb,
        type: 3}
      propertyPath: m_LocalPosition.x
      value: -11
      objectReference: {fileID: 0}
    - target: {fileID: 4923623524760578048, guid: ea579613d5f80c948a2b4879425d46fb,
        type: 3}
      propertyPath: m_LocalPosition.x
      value: 16
      objectReference: {fileID: 0}
    - target: {fileID: 4923657655902026297, guid: ea579613d5f80c948a2b4879425d46fb,
        type: 3}
      propertyPath: m_LocalScale.z
      value: 0.8
      objectReference: {fileID: 0}
    - target: {fileID: 4923657655902026297, guid: ea579613d5f80c948a2b4879425d46fb,
        type: 3}
      propertyPath: m_LocalPosition.z
      value: -0.1
      objectReference: {fileID: 0}
    - target: {fileID: 4923657655902026297, guid: ea579613d5f80c948a2b4879425d46fb,
        type: 3}
      propertyPath: m_LocalScale.y
      value: 0.75
      objectReference: {fileID: 0}
    - target: {fileID: 4923657655902026297, guid: ea579613d5f80c948a2b4879425d46fb,
        type: 3}
      propertyPath: m_LocalPosition.y
      value: 0.25
      objectReference: {fileID: 0}
    - target: {fileID: 4924005352252610123, guid: ea579613d5f80c948a2b4879425d46fb,
        type: 3}
      propertyPath: m_LocalPosition.x
      value: 0
      objectReference: {fileID: 0}
    - target: {fileID: 4924005352252610123, guid: ea579613d5f80c948a2b4879425d46fb,
        type: 3}
      propertyPath: m_LocalPosition.z
      value: -22.64
      objectReference: {fileID: 0}
    m_RemovedComponents: []
  m_SourcePrefab: {fileID: 100100000, guid: ea579613d5f80c948a2b4879425d46fb, type: 3}
--- !u!4 &2400696700385397047 stripped
Transform:
  m_CorrespondingSourceObject: {fileID: 4919210724875827547, guid: ea579613d5f80c948a2b4879425d46fb,
    type: 3}
  m_PrefabInstance: {fileID: 7283570719100727404}
  m_PrefabAsset: {fileID: 0}
--- !u!1001 &7331401594914476029
PrefabInstance:
  m_ObjectHideFlags: 0
  serializedVersion: 2
  m_Modification:
    m_TransformParent: {fileID: 8864383595731354618}
    m_Modifications:
    - target: {fileID: 1335597523914080, guid: b8462cc0fad2b284cb775e5fb7c2dd19, type: 3}
      propertyPath: m_Name
      value: ShieldDrone
      objectReference: {fileID: 0}
    - target: {fileID: 4869088832863470, guid: b8462cc0fad2b284cb775e5fb7c2dd19, type: 3}
      propertyPath: m_LocalPosition.x
      value: 0
      objectReference: {fileID: 0}
    - target: {fileID: 4869088832863470, guid: b8462cc0fad2b284cb775e5fb7c2dd19, type: 3}
      propertyPath: m_LocalPosition.y
      value: -0.8
      objectReference: {fileID: 0}
    - target: {fileID: 4869088832863470, guid: b8462cc0fad2b284cb775e5fb7c2dd19, type: 3}
      propertyPath: m_LocalPosition.z
      value: -3.94
      objectReference: {fileID: 0}
    - target: {fileID: 4869088832863470, guid: b8462cc0fad2b284cb775e5fb7c2dd19, type: 3}
      propertyPath: m_LocalRotation.x
      value: -0
      objectReference: {fileID: 0}
    - target: {fileID: 4869088832863470, guid: b8462cc0fad2b284cb775e5fb7c2dd19, type: 3}
      propertyPath: m_LocalRotation.y
      value: -0
      objectReference: {fileID: 0}
    - target: {fileID: 4869088832863470, guid: b8462cc0fad2b284cb775e5fb7c2dd19, type: 3}
      propertyPath: m_LocalRotation.z
      value: -0
      objectReference: {fileID: 0}
    - target: {fileID: 4869088832863470, guid: b8462cc0fad2b284cb775e5fb7c2dd19, type: 3}
      propertyPath: m_LocalRotation.w
      value: 1
      objectReference: {fileID: 0}
    - target: {fileID: 4869088832863470, guid: b8462cc0fad2b284cb775e5fb7c2dd19, type: 3}
      propertyPath: m_RootOrder
      value: 1
      objectReference: {fileID: 0}
    - target: {fileID: 4869088832863470, guid: b8462cc0fad2b284cb775e5fb7c2dd19, type: 3}
      propertyPath: m_LocalEulerAnglesHint.x
      value: 0
      objectReference: {fileID: 0}
    - target: {fileID: 4869088832863470, guid: b8462cc0fad2b284cb775e5fb7c2dd19, type: 3}
      propertyPath: m_LocalEulerAnglesHint.y
      value: 0
      objectReference: {fileID: 0}
    - target: {fileID: 4869088832863470, guid: b8462cc0fad2b284cb775e5fb7c2dd19, type: 3}
      propertyPath: m_LocalEulerAnglesHint.z
      value: 0
      objectReference: {fileID: 0}
    - target: {fileID: 4869088832863470, guid: b8462cc0fad2b284cb775e5fb7c2dd19, type: 3}
      propertyPath: m_LocalScale.x
      value: 2.75
      objectReference: {fileID: 0}
    - target: {fileID: 4869088832863470, guid: b8462cc0fad2b284cb775e5fb7c2dd19, type: 3}
      propertyPath: m_LocalScale.y
      value: 3
      objectReference: {fileID: 0}
    - target: {fileID: 4869088832863470, guid: b8462cc0fad2b284cb775e5fb7c2dd19, type: 3}
      propertyPath: m_LocalScale.z
      value: 3
      objectReference: {fileID: 0}
    - target: {fileID: 23259562486437646, guid: b8462cc0fad2b284cb775e5fb7c2dd19,
        type: 3}
      propertyPath: m_Materials.Array.data[0]
      value: 
      objectReference: {fileID: 2100000, guid: 0dd46c726e72adc45a13a91d6fc48aa3, type: 2}
    m_RemovedComponents: []
  m_SourcePrefab: {fileID: 100100000, guid: b8462cc0fad2b284cb775e5fb7c2dd19, type: 3}
--- !u!4 &7327095464767992595 stripped
Transform:
  m_CorrespondingSourceObject: {fileID: 4869088832863470, guid: b8462cc0fad2b284cb775e5fb7c2dd19,
    type: 3}
  m_PrefabInstance: {fileID: 7331401594914476029}
  m_PrefabAsset: {fileID: 0}
--- !u!1001 &8064958776188217641
PrefabInstance:
  m_ObjectHideFlags: 0
  serializedVersion: 2
  m_Modification:
    m_TransformParent: {fileID: 2400696700385397047}
    m_Modifications:
    - target: {fileID: 1836125227599210, guid: 1e780a1f0592d1646b136fdd62e429e1, type: 3}
      propertyPath: m_Name
      value: EngineLeft
      objectReference: {fileID: 0}
    - target: {fileID: 4184964195311042, guid: 1e780a1f0592d1646b136fdd62e429e1, type: 3}
      propertyPath: m_LocalPosition.x
      value: -2.01
      objectReference: {fileID: 0}
    - target: {fileID: 4184964195311042, guid: 1e780a1f0592d1646b136fdd62e429e1, type: 3}
      propertyPath: m_LocalPosition.y
      value: 0.29219234
      objectReference: {fileID: 0}
    - target: {fileID: 4184964195311042, guid: 1e780a1f0592d1646b136fdd62e429e1, type: 3}
      propertyPath: m_LocalPosition.z
      value: -3.1122627
      objectReference: {fileID: 0}
    - target: {fileID: 4184964195311042, guid: 1e780a1f0592d1646b136fdd62e429e1, type: 3}
      propertyPath: m_LocalRotation.x
      value: 0
      objectReference: {fileID: 0}
    - target: {fileID: 4184964195311042, guid: 1e780a1f0592d1646b136fdd62e429e1, type: 3}
      propertyPath: m_LocalRotation.y
      value: 1
      objectReference: {fileID: 0}
    - target: {fileID: 4184964195311042, guid: 1e780a1f0592d1646b136fdd62e429e1, type: 3}
      propertyPath: m_LocalRotation.z
      value: 0
      objectReference: {fileID: 0}
    - target: {fileID: 4184964195311042, guid: 1e780a1f0592d1646b136fdd62e429e1, type: 3}
      propertyPath: m_LocalRotation.w
      value: 0
      objectReference: {fileID: 0}
    - target: {fileID: 4184964195311042, guid: 1e780a1f0592d1646b136fdd62e429e1, type: 3}
      propertyPath: m_RootOrder
      value: 1
      objectReference: {fileID: 0}
    - target: {fileID: 4184964195311042, guid: 1e780a1f0592d1646b136fdd62e429e1, type: 3}
      propertyPath: m_LocalEulerAnglesHint.x
      value: 0
      objectReference: {fileID: 0}
    - target: {fileID: 4184964195311042, guid: 1e780a1f0592d1646b136fdd62e429e1, type: 3}
      propertyPath: m_LocalEulerAnglesHint.y
      value: 180
      objectReference: {fileID: 0}
    - target: {fileID: 4184964195311042, guid: 1e780a1f0592d1646b136fdd62e429e1, type: 3}
      propertyPath: m_LocalEulerAnglesHint.z
      value: 0
      objectReference: {fileID: 0}
    - target: {fileID: 4184964195311042, guid: 1e780a1f0592d1646b136fdd62e429e1, type: 3}
      propertyPath: m_LocalScale.x
      value: -0.5
      objectReference: {fileID: 0}
    - target: {fileID: 4184964195311042, guid: 1e780a1f0592d1646b136fdd62e429e1, type: 3}
      propertyPath: m_LocalScale.y
      value: 0.5
      objectReference: {fileID: 0}
    - target: {fileID: 4184964195311042, guid: 1e780a1f0592d1646b136fdd62e429e1, type: 3}
      propertyPath: m_LocalScale.z
      value: 0.5
      objectReference: {fileID: 0}
    - target: {fileID: 23907187755968318, guid: 1e780a1f0592d1646b136fdd62e429e1,
        type: 3}
      propertyPath: m_Materials.Array.data[0]
      value: 
      objectReference: {fileID: 2100000, guid: 0dd46c726e72adc45a13a91d6fc48aa3, type: 2}
    m_RemovedComponents: []
  m_SourcePrefab: {fileID: 100100000, guid: 1e780a1f0592d1646b136fdd62e429e1, type: 3}
